@article{basciftci2021distributionally,
  title={Distributionally robust facility location problem under decision-dependent stochastic demand},
  author={Basciftci, Beste and Ahmed, Shabbir and Shen, Siqian},
  journal={European Journal of Operational Research},
  volume={292},
  number={2},
  pages={548--561},
  year={2021},
  publisher={Elsevier}
}

@techreport{cornuejols1983uncapicitated,
  title={The uncapicitated facility location problem},
  author={Cornu{\'e}jols, G{\'e}rard and Nemhauser, George and Wolsey, Laurence},
  year={1983},
  institution={Cornell University Operations Research and Industrial Engineering}
}